@inproceedings{cousot-polyhedrons,
author = {Cousot, Patrick and Halbwachs, Nicolas},
title = {Automatic Discovery of Linear Restraints among Variables of a Program},
year = {1978},
isbn = {9781450373487},
publisher = {Association for Computing Machinery},
address = {New York, NY, USA},
url = {https://doi.org/10.1145/512760.512770},
doi = {10.1145/512760.512770},
booktitle = {Proceedings of the 5th ACM SIGACT-SIGPLAN Symposium on Principles of Programming Languages},
pages = {84â€“96},
numpages = {13},
location = {Tucson, Arizona},
series = {POPL '78}
}