@inproceedings{incorrectness-separation-logic,
  author    = {Azalea Raad and Josh Berdine and Hoang-Hai Dang and Derek Dreyer and Peter W. O'Hearn and Jules Villard},
  editor    = {Shuvendu K. Lahiri and Chao Wang},
  title     = {Local Reasoning About the Presence of Bugs: Incorrectness Separation Logic},
  booktitle = {Computer Aided Verification - 32nd International Conference, {CAV}
               2020, Los Angeles, CA, USA, July 21-24, 2020, Proceedings, Part {II}},
  series    = {Lecture Notes in Computer Science},
  volume    = {12225},
  pages     = {225--252},
  publisher = {Springer},
  year      = {2020},
  url       = {https://doi.org/10.1007/978-3-030-53291-8\_14},
  doi       = {10.1007/978-3-030-53291-8\_14},
  timestamp = {Wed, 12 Aug 2020 15:15:44 +0200},
  biburl    = {https://dblp.org/rec/conf/cav/RaadBDDOV20.bib},
  bibsource = {dblp computer science bibliography, https://dblp.org}
}