@article{lev-backward-analysis-complement,
  title={Backward analysis for inferring quantified preconditions},
  author={Lev-Ami, Tal and Sagiv, Mooly and Reps, Thomas and Gulwani, Sumit},
  journal={TR-2007-12-01, Tel Aviv University},
  year={2007},
  month={12},
  publisher={Citeseer}
}
