@book{overton-num-analysis-book,
author = {Overton, Michael L.},
title = {Numerical Computing with IEEE Floating Point Arithmetic},
publisher = {Society for Industrial and Applied Mathematics},
year = {2001},
isbn={9780898718072},
doi = {10.1137/1.9780898718072}
}