@inproceedings{bruni-lcl,
  author    = {Roberto Bruni and Roberto Giacobazzi and Roberta Gori and Francesco Ranzato},
  title     = {A Logic for Locally Complete Abstract Interpretations},
  booktitle = {36th Annual {ACM/IEEE} Symposium on Logic in Computer Science, {LICS} 2021, Rome, Italy, June 29 - July 2, 2021},
  pages     = {1--13},
  publisher = {{IEEE}},
  year      = {2021},
  doi       = {10.1109/LICS52264.2021.9470608},
}