@article{cousot-92,
author = {Cousot, Patrick and Cousot, Radhia},
year = {1992},
month = {08},
pages = {},
title = {Abstract Interpretation Frameworks},
volume = {2},
journal = {Journal of Logic and Computation},
doi = {10.1093/logcom/2.4.511}
}