@article{distefano-static-analysis-fb,
author = {Distefano, Dino and F\"{a}hndrich, Manuel and Logozzo, Francesco and O'Hearn, Peter W.},
title = {Scaling Static Analyses at Facebook},
year = {2019},
issue_date = {August 2019},
publisher = {Association for Computing Machinery},
address = {New York, NY, USA},
volume = {62},
number = {8},
issn = {0001-0782},
url = {https://doi.org/10.1145/3338112},
doi = {10.1145/3338112},
abstract = {Key lessons for designing static analyses tools deployed to find bugs in hundreds of millions of lines of code.},
journal = {Commun. ACM},
month = jul,
pages = {62â€“70},
numpages = {9}
}