@inproceedings{file-disjunctive-completion,
author = {Fil\'{e}, Gilberto and Ranzato, Francesco},
title = {Improving Abstract Interpretations by Systematic Lifting to the Powerset},
year = {1994},
isbn = {0262521911},
publisher = {MIT Press},
address = {Cambridge, MA, USA},
booktitle = {Proceedings of the 1994 International Symposium on Logic Programming},
pages = {655â€“669},
numpages = {15},
location = {Symposia, Melbourne},
series = {ILPS '94}
}
