@book{order-theory-book,
place={Cambridge},
edition={2},
title={Introduction to Lattices and Order},
DOI={10.1017/CBO9780511809088},
publisher={Cambridge University Press},
author={Davey, B. A. and Priestley, H. A.},
year={2002}
}