@book{overton-num-analysis-book,
author = {Overton, Michael L.},
title = {Numerical Computing with IEEE Floating Point Arithmetic},
publisher = {Society for Industrial and Applied Mathematics},
year = {2001},
doi = {10.1137/1.9780898718072},
address = {},
edition   = {},
URL = {https://epubs.siam.org/doi/abs/10.1137/1.9780898718072},
eprint = {https://epubs.siam.org/doi/pdf/10.1137/1.9780898718072}
}
