@book{principles-of-program-analysis-book,
author = {Nielson, Flemming and Nielson, Hanne and Hankin, Chris},
year = {1999},
month = {01},
pages = {},
title = {Principles of Program Analysis},
isbn = {978-3-642-08474-4},
doi = {10.1007/978-3-662-03811-6}
}