@inproceedings{reynolds-incorrectness-logic,
author = {Reynolds, John},
year = {2002},
month = {02},
pages = {55- 74},
title = {Separation logic: A logic for shared mutable data structures},
isbn = {0-7695-1483-9},
journal = {Proceedings - Symposium on Logic in Computer Science},
doi = {10.1109/LICS.2002.1029817}
}
