@article{static-analysis-google,
title	= {Lessons from Building Static Analysis Tools at Google},
author	= {Caitlin Sadowski and Edward Aftandilian and Alex Eagle and Liam Miller-Cushon and Ciera Jaspan},
year	= {2018},
URL	= {https://dl.acm.org/citation.cfm?id=3188720},
journal	= {Communications of the ACM (CACM)},
pages	= {58-66},
volume	= {61 Issue 4}
}
